<record><leader>00000cas a2200000 a 4500</leader><controlfield tag="001">43867522</controlfield><controlfield tag="008">000417c19uu9999nyuwr ne      0    0eng c</controlfield><datafield ind1=" " ind2=" " tag="010"><subfield code="a">sn 00063017 </subfield></datafield><datafield ind1=" " ind2=" " tag="040"><subfield code="a">NYS</subfield><subfield code="b">eng</subfield><subfield code="c">NYS</subfield><subfield code="d">OCLCQ</subfield><subfield code="d">OCLCF</subfield><subfield code="d">OCLCO</subfield></datafield><datafield ind1=" " ind2=" " tag="019"><subfield code="a">226103005</subfield></datafield><datafield ind1="1" ind2=" " tag="029"><subfield code="a">AU@</subfield><subfield code="b">000021486350</subfield></datafield><datafield ind1=" " ind2=" " tag="037"><subfield code="b">Clifton Coporate Park, Building 400, Suite 482, Clifton Park, NY 12065</subfield></datafield><datafield ind1=" " ind2=" " tag="042"><subfield code="a">pcc</subfield></datafield><datafield ind1=" " ind2=" " tag="043"><subfield code="a">n-us-ny</subfield></datafield><datafield ind1="0" ind2=" " tag="130"><subfield code="a">Community news (Clifton Park, N.Y.)</subfield></datafield><datafield ind1="1" ind2="0" tag="245"><subfield code="a">Community news.</subfield></datafield><datafield ind1=" " ind2=" " tag="260"><subfield code="a">Clifton Park, NY :</subfield><subfield code="b">Journal Register, Co.</subfield></datafield><datafield ind1=" " ind2=" " tag="300"><subfield code="a">v. :</subfield><subfield code="b">ill. (some col.) ;</subfield><subfield code="c">56 cm.</subfield></datafield><datafield ind1=" " ind2=" " tag="310"><subfield code="a">Weekly</subfield></datafield><datafield ind1=" " ind2=" " tag="500"><subfield code="a">"Southern Saratoga County's Weekly."</subfield></datafield><datafield ind1=" " ind2=" " tag="580"><subfield code="a">Daily ed.: Saratogian (Saratoga Springs, N.Y. : 1910).</subfield></datafield><datafield ind1=" " ind2=" " tag="588"><subfield code="a">Description based on: Apr. 7, 2000.</subfield></datafield><datafield ind1=" " ind2=" " tag="588"><subfield code="a">Latest issue consulted: July 27, 2001.</subfield></datafield><datafield ind1=" " ind2="0" tag="651"><subfield code="a">Clifton Park (N.Y.)</subfield><subfield code="v">Newspapers.</subfield></datafield><datafield ind1=" " ind2="0" tag="651"><subfield code="a">Saratoga County (N.Y.)</subfield><subfield code="v">Newspapers.</subfield></datafield><datafield ind1=" " ind2="7" tag="655"><subfield code="a">Newspapers.</subfield><subfield code="2">fast</subfield><subfield code="0">(OCoLC)fst01423814</subfield></datafield><datafield ind1=" " ind2="7" tag="651"><subfield code="a">New York (State)</subfield><subfield code="z">Clifton Park.</subfield><subfield code="2">fast</subfield><subfield code="0">(OCoLC)fst01261793</subfield></datafield><datafield ind1=" " ind2="7" tag="651"><subfield code="a">New York (State)</subfield><subfield code="z">Saratoga County.</subfield><subfield code="2">fast</subfield><subfield code="0">(OCoLC)fst01210046</subfield></datafield><datafield ind1=" " ind2=" " tag="752"><subfield code="a">United States</subfield><subfield code="b">New York</subfield><subfield code="c">Saratoga</subfield><subfield code="d">Clifton Park.</subfield></datafield><datafield ind1="1" ind2=" " tag="775"><subfield code="t">Saratogian (Saratoga Springs, N.Y. : 1910)</subfield><subfield code="x">1071-4448</subfield><subfield code="w">(DLC)sn 84031509</subfield><subfield code="w">(OCoLC)11062597</subfield></datafield><datafield ind1="0" ind2="0" tag="780"><subfield code="t">Tri-county news (Saratoga Springs, N.Y. : 1970)</subfield><subfield code="w">(DLC)sn 88074408</subfield><subfield code="w">(OCoLC)18013114</subfield></datafield><datafield ind1="4" ind2="1" tag="856"><subfield code="u">http://www.cnweekly.com/</subfield></datafield></record>